% This file was created with JabRef 2.10.
% Encoding: UTF8


@Electronic{Armstrong,
  Title                    = {OpenNI To Close},
  Author                   = {A. Armstrong},
  Month                    = {Febrero},
  Url                      = {http://www.i-programmer.info/news/194-kinect/7004-openni-to-close-.html},
  Year                     = {2014},

  Owner                    = {Lucero},
  Timestamp                = {2014.08.28}
}

@Electronic{MotionBuilder,
  Author                   = {Autodesk},
  Url                      = {http://www.autodesk.com/products/motionbuilder/overview},

  Owner                    = {Lucero},
  Timestamp                = {2015.05.31}
}

@Article{Bartscha,
  Title                    = {Effectiveness of PowerPoint presentations in lectures},
  Author                   = {R A Bartscha and K M Cobern },
  Journal                  = {Comput Educ},
  Year                     = {2003},
  Pages                    = {77–86},
  Volume                   = {41},

  Owner                    = {PC},
  Timestamp                = {2015.03.18}
}

@Book{Blake,
  Title                    = {Natural User Interfaces in . NET},
  Author                   = {Joshua Blake},
  Editor                   = {MEAP},
  Year                     = {2011},

  Owner                    = {PC},
  Timestamp                = {2015.03.18}
}

@Electronic{Brekel,
  Author                   = {Brekel},
  Url                      = {http://brekel.com/brekel-kinect-pro-body/},

  Owner                    = {Lucero},
  Timestamp                = {2015.05.31}
}

@Electronic{Buxton,
  Title                    = {CES 2010: NUI with Bill Buxton},
  Author                   = {Bill Buxton},
  Month                    = {Enero},
  Url                      = {http://channel9.msdn.com/blogs/larrylarsen/ces-2010-nui-with-bill-buxton},
  Year                     = {2010},

  Owner                    = {PC},
  Timestamp                = {2015.03.18}
}

@Electronic{BVHacker,
  Author                   = {Bvhacker},
  Url                      = {http://www.bvhacker.com/},

  Owner                    = {Lucero},
  Timestamp                = {2015.05.31}
}

@Article{Chang,
  Title                    = {A learning style classification mechanism for e-learning},
  Author                   = {YC Chang and WY Kao and CP Chu and CH Chiu},
  Journal                  = {Comput Educ},
  Year                     = {2009},

  Owner                    = {PC},
  Timestamp                = {2015.03.18}
}

@Article{validacion,
  Title                    = {Sequence Alignment for RGB-D and Motion Capture Skeletons},
  Author                   = {Xi Chen and Markus Koskela},
  Journal                  = {Springer-Verlag},
  Year                     = {2013},
  Pages                    = {630-639},

  Owner                    = {Eduardo},
  Timestamp                = {2014.09.26}
}

@MastersThesis{tracking,
  Title                    = {Investigating Human-Computer Interaction with
Motion-Capture Algorithms using a Microsoft Kinect},
  Author                   = {Jens Christensen and Oliver Carlsson and Jonas Brandvik},
  School                   = {CHALMERS UNIVERSITY OF TECHNOLOGY},
  Year                     = {2012},

  Owner                    = {Eduardo},
  Timestamp                = {2014.09.26}
}

@Conference{Chye,
  Title                    = {Game based approach to learn Martial Arts for beginners},
  Author                   = {Connsynn Chye and Tatsuo Nakajima},
  Booktitle                = {2012 IEEE International Conferece on Embedded and Real-Time Computing Systems and Applications, Seoul},
  Year                     = {2012},
  Pages                    = {482-485},

  Owner                    = {Lucero},
  Timestamp                = {2014.08.27}
}

@Article{Clark,
  Title                    = {Evidence for confounding in computer-based instruction studies: analyzing the metaanalyses},
  Author                   = {R Clark},
  Journal                  = {Educ Commun Technol J},
  Year                     = {1985},
  Number                   = {4},
  Pages                    = {249–262},
  Volume                   = {33},

  Owner                    = {PC},
  Timestamp                = {2015.03.18}
}

@Electronic{CONADE,
  Title                    = {Activación Física Escolar},
  Author                   = {CONADE},
  Url                      = {http://activate.gob.mx/portal/?id=2892},
  Year                     = {2011},

  Owner                    = {Lucero},
  Timestamp                = {2014.09.05}
}

@Article{Cukusic,
  Title                    = {e-learning process management and the e-learning performance: results of a European empirical study},
  Author                   = {M Cukusic and N Alfirevic and A Granic and Z Garaca},
  Journal                  = {Comput Educ},
  Year                     = {2010},
  Number                   = {55},
  Pages                    = {554–565},

  Owner                    = {PC},
  Timestamp                = {2015.03.18}
}

@Electronic{WindowsSeven,
  Title                    = {Windows 7 sigue siendo el sistema operativo más usado del mundo},
  Author                   = {Dairox},
  Month                    = {Abril},
  Organization             = {Xataka México},
  Url                      = {http://www.xataka.com.mx/sistemas-operativos/windows-7-sigue-siendo-el-sistema-operativo-mas-usado-del-mundo},
  Year                     = {2014},

  Owner                    = {Lucero},
  Timestamp                = {2014.09.30}
}

@Conference{Delpresto,
  Title                    = {Safe Lifting: An Adaptive Training System for Factory Workers Using the Microsoft Kinect},
  Author                   = {J. Delpresto and C. Duan and L. Layiktez and E. Moju-Igbene and M. Wood and P. Beling},
  Booktitle                = {Proceedings of the 2013 IEEE Systems and Information Engineering Design Symposium, University of Virginia, Charlottesville, VA, USA},
  Year                     = {2013},
  Month                    = {Abril},
  Pages                    = {64-69},

  Owner                    = {Lucero},
  Timestamp                = {2014.08.27}
}

@Electronic{Echeverria,
  Title                    = {OpenNI, el driver Open Source oficial de Kinect},
  Author                   = {D. Echeverría},
  Month                    = {Diciembre},
  Url                      = {http://www.muylinux.com/2010/12/17/openni-el-driver-open-source-oficial-de-kinect},
  Year                     = {2010},

  Owner                    = {Lucero},
  Timestamp                = {2014.08.28}
}

@Electronic{Efdeportes,
  Title                    = {Causas y motivos de los bajos índices de práctica deportiva},
  Author                   = {Efdeportes},
  Month                    = {Diciembre},
  Url                      = {http://www.efdeportes.com/efd139/causas-y-motivos-de-los-bajos-indices-de-practica-deportiva.htm},
  Year                     = {2009},

  Owner                    = {Lucero},
  Timestamp                = {2014.08.27}
}

@Electronic{Gomez,
  Title                    = {Implementación de la NUI para la construcción de aplicaciones que apoyen al aprendizaje},
  Author                   = {R. M. Gómez},
  Url                      = {http://www.uv.mx/veracruz/foro-software-libre/files/2013/03/ImplementaciondelaNUIparalaconstrucciondeaplicacionesqueapoyenalaprendizaje.pdf},

  Owner                    = {Lucero},
  Timestamp                = {2014.08.28}
}

@Article{Hachaj,
  Title                    = {Computer Karate Trainer in Tasks of Personal and Homeland Security Defense},
  Author                   = {T. Hachaj and M. Ogiela},
  Journal                  = {Security Engineering and Intelligence Informatics, Regensburg, Alemania: Springer},
  Year                     = {2013},
  Pages                    = {430-431},

  Owner                    = {Lucero},
  Timestamp                = {2014.08.27}
}

@Electronic{Heddle1,
  Title                    = {Kinect for Windows announces new version of SDK coming March 18},
  Author                   = {Bob Heddle},
  Month                    = {Marzo},
  Url                      = {http://blogs.msdn.com/b/kinectforwindows/archive/2013/03/16/kinect-for-windows-announces-new-version-of-sdk-coming-march-18.aspx},
  Year                     = {2013},

  Owner                    = {Lucero},
  Timestamp                = {2014.08.28}
}

@Electronic{Heddle2,
  Title                    = {Updated SDK, with HTML5, Kinect Fusion improvements, and more},
  Author                   = {Bob Heddle},
  Month                    = {Septiembre},
  Url                      = {http://blogs.msdn.com/b/kinectforwindows/archive/2013/09/16/updated-sdk-with-html5-kinect-fusion-improvements-and-more.aspx},
  Year                     = {2013},

  Owner                    = {Lucero},
  Timestamp                = {2014.08.28}
}

@Electronic{Hiltz,
  Title                    = {Supporting Collaborative Learning in Asynchronous Learning Networks},

  Address                  = {Milton Keynes, England},
  Author                   = {Starr Roxanne Hiltz and Raquel Benbunan-Fich},
  Month                    = {Abril},
  Organization             = {UNESCO/ Open University Symposium on Virtual Learning Environments and the role of the Teacher},
  Url                      = {http://web.njit.edu/~hiltz/CRProject/unesco.htm},
  Year                     = {1997},

  Owner                    = {Lucero},
  Timestamp                = {2014.08.28}
}

@Standard{IEEE1471,
  Title                    = {1471-2000 - IEEE Recommended Practice for Architectural Description for Software-Intensive Systems},
  Organization             = {IEEE Standards Association},
  Author                   = {IEEE},
  Revision                 = {C/S2ESC - Software Systems Engineering Standards Committee},
  Year                     = {2010-2011},

  Owner                    = {Eduardo},
  Timestamp                = {2014.10.09}
}

@Electronic{INEGI,
  Title                    = {Estadísticas de práctica deportiva y ejercicio físico},
  Author                   = {INEGI},
  Url                      = {http://www.inegi.org.mx/inegi/contenidos/espanol/prensa/boletines/boletin/comunicados/especiales/2014/enero/comunica2.pdf},
  Year                     = {2014},

  Owner                    = {Lucero},
  Timestamp                = {2014.08.27}
}

@Electronic{iPi,
  Author                   = {iPisoft},
  Url                      = {http://ipisoft.com/},

  Owner                    = {Lucero},
  Timestamp                = {2015.05.31}
}

@Article{Kruchten,
  Title                    = {The 4+1 View Model of architecture},
  Author                   = {Philippe Kruchten},
  Journal                  = {Software, IEEE},
  Year                     = {2002},

  Month                    = {Agosto},
  Pages                    = {42 - 50},
  Volume                   = {12},

  Owner                    = {Eduardo},
  Timestamp                = {2014.10.09}
}

@Conference{NC,
  Title                    = {Providing education electronically to non-traditional sites: New delivery to a new audienc},
  Author                   = {N C McAllister and D F McAllister},
  Booktitle                = {Proceedings of the 14th Annual Int’l Conference on Marshaling New Technological Forces: Building a Corporate, Academic, and User-Oriented Triangle},
  Year                     = {1996},
  Pages                    = {187–193},

  Owner                    = {Lucero},
  Timestamp                = {2014.08.28}
}

@Electronic{Microsoft3,
  Title                    = {Kinect for Windows Sensor Components and Specifications},
  Author                   = {Microsoft},
  Url                      = {http://msdn.microsoft.com/en-us/library/jj131033.aspx},

  Owner                    = {Lucero},
  Timestamp                = {2014.08.28}
}

@Electronic{MicrosoftSDK,
  Title                    = {Kinect for Windows SDK},
  Author                   = {Microsoft},
  Url                      = {http://msdn.microsoft.com/en-us/library/hh855347.aspx},

  Owner                    = {Lucero},
  Timestamp                = {2014.08.28}
}

@Electronic{VersionSdks,
  Title                    = {What's New in version 1.6 of the SDK and the Developer Toolkit},
  Author                   = {Microsoft},
  Url                      = {http://msdn.microsoft.com/en-us/library/jj663803.aspx#SDK_1pt6_M2},
  Year                     = {2014},

  Owner                    = {Lucero},
  Timestamp                = {2014.09.04}
}

@Electronic{MArchitecture,
  Title                    = {Microsoft Application Architecture Guide, Chapter 3: Architectural Patterns and Styles},
  Author                   = {Microsoft},
  Month                    = {Octubre},
  Url                      = {http://msdn.microsoft.com/en-us/library/ff650706.aspx},
  Year                     = {2009},

  Owner                    = {Lucero},
  Timestamp                = {2014.11.03}
}

@Electronic{Microsoft2,
  Title                    = {Project Natal 101},
  Author                   = {Microsoft},
  Month                    = {Junio},
  Url                      = {http://blog.seattlepi.com/digitaljoystick/2009/06/01/e3-2009-microsoft-at-e3-several-metric-tons-of-press-releaseapalloza/},
  Year                     = {2009},

  Owner                    = {Lucero},
  Timestamp                = {2014.08.28}
}

@Electronic{Nall,
  Title                    = {How to Warmup Before Stretches},
  Author                   = {R. Nall},
  Url                      = {http://www.livestrong.com/article/325618-how-to-warm-up-before-stretches/},
  Year                     = {2014},

  Owner                    = {Lucero},
  Timestamp                = {2014.08.27}
}

@Electronic{OpenKinect,
  Title                    = {OpenKinect project},
  Author                   = {OpenKinect},
  Month                    = {Marzo},
  Url                      = {http://openkinect.org/wiki/Main_Page},
  Year                     = {2013},

  Owner                    = {Lucero},
  Timestamp                = {2014.08.28}
}

@Article{DTW,
  Title                    = {Everything you know about Dynamic Time Warping is Wrong},
  Author                   = {Chotirat Ann Ratanamahatana},
  Journal                  = {Department of Computer Science and Engineering University of California},

  Owner                    = {Valeria},
  Timestamp                = {2015.06.03}
}

@Electronic{Shotokan,
  Title                    = {Benefits of Shotokan Karate},
  Author                   = {R. Rockwell},
  Month                    = {Enero},
  Url                      = {http://www.livestrong.com/article/546508-why-is-shotokan-karate-good/},
  Year                     = {2014},

  Owner                    = {Lucero},
  Timestamp                = {2014.08.28}
}

@Electronic{Sarajevo,
  Title                    = {NUI: Natural User Interface},
  Author                   = {Myrthala Sarajevo},
  Month                    = {Marzo},
  Url                      = {http://www.cedim.edu.mx/sobre-cedim/noticias/nui-natural-user-interface/},
  Year                     = {2013},

  Owner                    = {Lucero},
  Timestamp                = {2014.08.28}
}

@Electronic{Snider,
  Title                    = {Microsoft Kinect gets into motion as E3 confab kicks off},
  Author                   = {M. Snider},
  Month                    = {Enero},
  Url                      = {http://usatoday30.usatoday.com/tech/gaming/2010-06-14-vidgame14_ST_N.htm},
  Year                     = {2010},

  Owner                    = {Lucero},
  Timestamp                = {2014.08.28}
}

@Article{Sun,
  Title                    = {The design of instructional multimedia in e-learning: a media richness theorybased approach},
  Author                   = {P C Sun and HK Cheng},
  Journal                  = {Comput Educ},
  Year                     = {2007},
  Pages                    = {662–676},
  Volume                   = {49},

  Owner                    = {PC},
  Timestamp                = {2015.03.18}
}

@Electronic{UVM,
  Title                    = {La población considera que practica deporte. ¿Realmente lo hace?},
  Author                   = {Centro de opinión pública UVM},
  Url                      = {http://opinionpublicauvm.mx/la-poblacion-considera-que-practica-deporte-realmente-lo-hace/},
  Year                     = {2012},

  Owner                    = {Lucero},
  Timestamp                = {2014.08.27}
}

@Article{Vichuda,
  Title                    = {User attitude as a mediator of learning performance improvement in an interactive multimedia environment},
  Author                   = {K Vichuda and K Ramamurthy and W D Haseman},
  Journal                  = {Int J Hum Comput Stud},
  Year                     = {2001},
  Number                   = {4},
  Pages                    = {541–583},
  Volume                   = {54},

  Owner                    = {PC},
  Timestamp                = {2015.03.18}
}

@Conference{Wada,
  Title                    = {In Search of a Usability of Kinect in the Training of Traditional Japanese KATA-Stylized Gestures and Movements},
  Author                   = {S. Wada and M. Fukase and Y.Nakanishi and L.Tatsuta},
  Booktitle                = {e-Learning and e-Technologies in Education (ICEEE), Second International Conference.},
  Year                     = {2013},

  Owner                    = {Lucero},
  Timestamp                = {2014.08.27}
}

@InBook{Webb,
  Title                    = {Beginning Kinect Programming with the Microsoft Kinect SDK},
  Author                   = {J. Webb and J. Ashley},
  Chapter                  = {Getting Started},
  Editor                   = {Apress},
  Pages                    = {1-7},
  Year                     = {2012},

  Owner                    = {Lucero},
  Timestamp                = {2014.08.28}
}

@Article{Weiyuan,
  Title                    = {Natural User Interface-Next Mainstream Product User Interface},
  Author                   = {Liu Weiyuan},
  Journal                  = {IEEE},
  Year                     = {2010},

  Owner                    = {PC},
  Timestamp                = {2015.03.18}
}

@Conference{Zhang,
  Title                    = {Powering E-Learning In the New Millennium: An Overview of E-Learning and Enabling Technology},
  Author                   = {D. Zhang and J. F. Nunamaker},
  Booktitle                = {Information Systems Frontiers},
  Year                     = {2003},
  Number                   = {2},
  Pages                    = {207-218},
  Volume                   = {5},

  Owner                    = {Lucero},
  Timestamp                = {2014.08.28}
}

